<?xml version="1.0" encoding="UTF-8"?><collection xmlns="http://www.loc.gov/MARC21/slim"><record><leader>00643nam--2200181-i-4500</leader><controlfield tag="001">000031713</controlfield><controlfield tag="002">20161230</controlfield><controlfield tag="005">20161230201038</controlfield><controlfield tag="008">060222s1000------------r-----000-0-eng-d</controlfield><datafield ind1=" " ind2=" " tag="040"><subfield code="a">IFIN-HH</subfield></datafield><datafield ind1=" " ind2=" " tag="080"><subfield code="a">530.1</subfield></datafield><datafield ind1="1" ind2=" " tag="100"><subfield code="a">Kunz, P.D</subfield></datafield><datafield ind1="1" ind2="0" tag="245"><subfield code="a">Lectures in theoretical physics. lectures delivered at the summer insitute for theoretical physics,university of colordo, boulder ,1965. volume viii c-nuclear structure physics</subfield><subfield code="c">P.D. KUNZ, D.A. LIND, W.E. BRITTIN (eds.)</subfield></datafield><datafield ind1=" " ind2=" " tag="260"><subfield code="a">Boulder</subfield><subfield code="b">University Of Colorado Press</subfield><subfield code="c">1966</subfield></datafield><datafield ind1=" " ind2=" " tag="300"><subfield code="a">VII+677 P</subfield></datafield><datafield ind1="1" ind2=" " tag="700"><subfield code="a">Brittin, W.E</subfield><subfield code="e">ed</subfield></datafield><datafield ind1=" " ind2=" " tag="852"><subfield code="a">15333</subfield><subfield code="c">530.1</subfield></datafield><datafield ind1=" " ind2=" " tag="CAT"><subfield code="a">Sys</subfield><subfield code="c">20160415</subfield><subfield code="h">130248</subfield></datafield></record></collection>